@Book{Som05,
	Year = 2005,
	Author = "{Sommerville, I}",
	Title = "Ingeniería del software",
	Publisher = "{Pearson Educación, S.A.}",
	Address = "Madrid"
}
@Book{Press10,
	Year = 2010,
	Author = "{Pressman,R. S.}",
	Title = "Ingeniería del software, Un enfoque práctico ",
	Publisher = "{Mc Graw Hill}",
	Address = "México"
}
@Book{Garr11,
	Year = 2011,
	Author = "{Pressman,R. S.}",
	Title = "The Elements of User Experience: User-Centered Design for the Web and Beyond, Second Edition",
	Publisher = "{Pearson Education, S.A.}",
	Address = "Berkeley, California, United States"
}
@Misc{Novozymes13,
    Year = 2013,
    Author = "Novozymes",
    Title = "Brewing HandBook",
    Note = "Recuperado de: \url{https://www.occrp.org/images/documents/bioteching-poor-beer-for-poor-countries-P19.pdf} [Accedido 22-4-18]"
}

@Book{Dummies08,
	Year = 2007,
	Author = "{Nachel, M.}",
	Title = "HomeBrewing for Dummies",
	Address = "New Jersey, United States",
	Publisher = "{Wiley Publishing Inc}"
}
@Book{UML02,
	Year = 2008,
	Author = "{Rumbaugh, J., Jacobson, I. y Booch, G.}",
	Title = "El lengauje unificado de modelado. Manual de referencia",
	Address = "Madrid, España",
	Publisher = "{Pearson Education S.A}"
}

@Book{DogBrewery,
    Year = 2015,
    Author = "{Watt, J.}",
    Title = "DIY Dog: The Brewdog Back Catalogue",
    Publisher = "DOG Brewery",
    Address = "Escocia"
}

@Misc{AmericanHomeBrewers18,
    Author = "American HomeBrewers Association, \ ",
    Year = 2018,
    Address = "United States",
    Note = "Recuperado de: \url{https://www.homebrewersassociation.org/tutorials/partial-mash-homebrewing/partial-mash-homebrewing/} [Accedido 24-04-18]"
}

@Misc{Calvillo17,
    Year = 2017,
    Author = "{Calvillo, E}",
    Title = "La Cerveza Artesanal: Una experiencia Sensorial",
    Note = "Recuperado de: \url{https://www2.deloitte.com/content/dam/Deloitte/mx/Documents/consumer-business/2017/Cerveza-Artesanal-Mexico-2017.pdf}[Accedido 02-05-2018]"
}

@Misc{GrandViewResearch17,
    Author = "Grand View Research Inc., \ ",
    Year = 2017,
    Title = "Craft Beer Market Analysis By Distribution (On-trade, Off-trade), By Region (North America, Europe, Asia Pacific, Central \& South America, Middle East \& Africa), By Country (U.S., Germany, Australia, Japan), And Segment Forecasts, 2014 - 2025",
    Note = "Recuperado de: \url{https://www.grandviewresearch.com/industry-analysis/craft-beer-market} [Accedido 22-04-2018]"
}

@Misc{Inti16,
    Author = "INTI-Agroalimentos",
    Year = 2016,
    Title = "Introducción a la elaboración de cerveza artesanal",
    Publisher = "INTI-Agroalimentos Noticias",
    Note = "Recuperado de: \url{https://www.inti.gob.ar/agroalimentos/noticias.php?seccion=agro2-08} [Accedido 23-04-2018]"
}

@Misc{AlimentosArgentinos14,
    Year = 2014,
    Author = "{Amelie, A.}",
    Title = "Informe Sectorial N° 3",
    Publisher = "Área de Sectores Alimentarios - Dirección de Agroalimentos - Secretaría de Agricultura, Ganadería y Pesca",
    Note = "Recuperado de: \url{http://www.alimentosargentinos.gob.ar/HomeAlimentos/AyB/bebidas/Informes/Cerveza_03_2014_04Abr.pdf} [Accedido 26-04-18]"
}

@Misc{Cuculiansky17,
    Author = "{Cuculiansky, S.}",
    Year = 2017,
    Title = "El mundo de la cerveza artesanal",
    Publisher = "La Nación",
    Note = "Recuperado de: \url{https://www.lanacion.com.ar/2038808-el-mundo-de-la-cerveza-artesanal} [Accedido 26-4-18]"
}

@Misc{Rios16,
	author = "{Ríos, S.}",
	title = "La revolución de la cerveza",
	Note = "Recuperado de: \url{https://www.lanacion.com.ar/1949287-la-revolucion-de-la-cerveza} [Accedido: 21-04-2018]",
	Publisher = "La Nación",
	year = 2016
}

@Misc{Mongi17,
	author = "{Mongi, C}",
	title = "La cerveza artesanal, de “hobby” a un negocio en auge",
	Note = "Recuperado de: \url{http://www.lavoz.com.ar/negocios/la-cerveza-artesanal-de-hobby-un-negocio-en-auge } [Accedido: 21-04-2018]",
	Publisher = "La Voz",
	year = 2017
}

@Misc{Aizen17,
	author = "{Aizen, M.}",
	title = "El boom de la cerveza artesanal: cuál es el secreto del fenómeno de la birra casera",
	Note =  "Recuperado de: \url{https://www.clarin.com/viva/boom-cerveza-artesanal-secreto-fenomeno-birra-casera_0_r1eVsgkePx.html} [Accedido: 20-04-2018]",
	Publisher = "Clarín",
	year = 2017
}

@Book{CodigoAlimentario,
    Year = 1969,
    Author = "Código Alimentario Argentino, \ ",
    Title = "Ley 18284",
    Publisher = "Ministerio de Salud de la Nación Argentina",
}

@Misc{ColegioIngenieros,
    Year = 2018,
    Title = "Resolución 80",
    Author = "Colegio de Ingenieros especiales de Santa Fe, \ ",
    Note = "Recuperado de: \url{https://cie.gov.ar/web/images/RDP-80.pdf } [Accedido 29-04-2018]"
}
@Misc{IDC,
	author = "IDC",
	title = "Smartphone OS Market Share",
	Note =  "Recuperado de: \url{https://www.idc.com/promo/smartphone-market-share/os} [Accedido: 04-12-2018]",
	year = 2017,
}
@Misc{DeviceAtlas01,
	author = "DeviceAtlas",
	title = "THE MOBILE WEB INTELLIGENCE REPORT MAY 2018",
	Note =  "Recuperado de: \url{https://www.valuewalk.com/wp-content/uploads/2018/05/DeviceAtlas_Mobile_Web_Intelligence_Report_May_2018.pdf} [Accedido: 04-12-2018]",
	year = 2018,
}
@Misc{DeviceAtlas02,
	author = "DeviceAtlas",
	title = "THE MOBILE WEB INTELLIGENCE REPORT AUGUST 2017",
	Note =  "Recuperado de: \url{https://discover.deviceatlas.com/193108/thank-you/} [Accedido: 04-12-2018]",
	year = 2017,
}
@Misc{Gartner,
	author = "Gartner Inc, \ ",
	title = "Gartner Says Worldwide Sales of Smartphones Recorded First Ever Decline During the Fourth Quarter of 2017",
	Note =  "Recuperado de: \url{https://www.gartner.com/newsroom/id/3859963} [Accedido: 04-12-2018]",
	year = 2018,
}
@Misc{Apple,
	author = "Apple Inc., \  ",
	title = "About",
	Note =  "Recuperado de: \url{ https://www.apple.com/la/ios/ios-11/
} [Accedido: 04-12-2018]",
	year = 2018,
}
@Misc{Android,
	author = "Google Inc., \",
	title = "Why Android",
	Note =  "Recuperado de: \url{https://www.android.com} [Accedido: 04-12-2018]",
	year = 2018,
}
@Misc{Wifi,
	author = "Wi-Fi Alliance Official Page, \",
	title = "Worldwide network of companies",
	Note =  "Recuperado de: \url{https://www.wi-fi.org} [Accedido: 15-10-2018]",
	year = 2018,
}
@Misc{Bluetooth,
	author = "Bluetooth SIG Official Page, \",
	title = "Specifications. Worldwide organization",
	Note =  "Recuperado de: \url{https://www.bluetooth.com/specifications} [Accedido: 15-10-2018]",
	year = 2018,
}
@Misc{Raspberry02,
	author = "Raspberry Official Page, \",
	title = "Setting up a web server on Raspberry Pi",
	Note =  "Recuperado de: \url{https://www.raspberrypi.org/documentation/remote-access/web-server/} [Accedido: 15-10-2018]",
	year = 2018,
}
@Misc{Raspberry01,
	author = "Raspberry Official Page, \",
	title = "GPIO - Raspberry Pi Documentation",
	Note =  "Recuperado de: \url{https://www.raspberrypi.org/documentation/usage/gpio/} [Accedido: 15-08-2018]",
	year = 2018,
}
@article{ElArabe,
   Author="{Ali, M. y Sharif, O.}",
   Title="Temperature Compensation in pH meter-A Survey",
   Journal="Journal of Engineering and Computer Science (JECS)",
   Volume="16",
   Year=2015,
   Pages="2"
}

@Misc{RevistaMash01,
	author = "Revista Mash, \",
	title = "Cálculo de la cantidad de granos (forma precisa)",
	Note =  "Recuperado de: \url{http://www.revistamash.com/2017/detalle.php?id=44} [Accedido: 15-07-2018]",
	year = 2004
}
@Misc{RevistaMash02,
	author = "Revista Mash, \",
	title = "Cálculo de la cantidad de granos (forma simple)",
	Note =  "Recuperado de: \url{http://www.revistamash.com/2017/detalle.php?id=15} [Accedido: 15-07-2018]",
	year = 2004
}
@Misc{Ceresvis,
	author = "Ceresvis",
	title = "Curso de Maceración",
	Note = "Recuperado de: \url{http://ceresvis.com/} [Accedido: 18-04-2018]",
	year = 2016
}
@Book{Papazian,
	Year = 2003,
	Author = "{Papazian, C.}",
	Title = "The Complete Joy of HomeBrewing",
	Publisher = "Harper Collins Publishers Inc",
	Address = "New York, United States"
}
@Book{Palmer,
	Year = 2006,
	Author = "{Palmer, J. J.}",
	Title = "How to Brew: Everything You Need To Know To Brew Beer Right The First Time",
	Publisher = "Brewers Publications",
	Address = "Michigan, United States"
}
@Book{Bamforth,
	Year = 2002,
	Author = "{Bamforth, C. W.}",
	Title = "Standards of Brewing: Formulas for Consistency and Excellence",
	Publisher = "Brewers Publications",
	Address = "United States"
}
@Book{Kunze,
	Year = 2006,
	Author = "{Kunze, W.}",
	Title = "Tecnología para cerveceros y Malteros - Primera edición en español",
	Publisher = "Westkreuz-Druckerei Ahrens KG",
	Address = " Berlín, Alemania"
}
@article{Bamforth02,
   Author="{Bamforth, C. W.}",
   Title="pH in Brewing: An Overview",
   Journal="Department of Food Science \& Technology, University of California",
   Volume="38",
   Year=2001,
   Pages="1"
}
@Book{DanielRay,
	Year = 1996,
	Author = "{Daniels, R.}",
	Title = "Designing Great Beers",
	Publisher = "Brewers Publication",
	Address = "United States"
}
@Book{scrumguide,
	Year = 2017,
	Author = "{Schwaber, K. y Sutherland, J.}",
	Title = "The Scrum Guide",
	Publisher = "The Scrum Guide Org",
	Address = "United States"
}
@Book{KanbanInAction,
	Year = 2014,
	Author = "{Hammarberg, M. y Sundén, J.}",
	Title = "Kanban in Action",
	Publisher = "Manning Publications Co.",
	Address = "New York, United States"
}
@Book{SCRUMYXPDESDELASTRINCHERAS,
	Year = 1996,
	Author = "{Kniberg, H.}",
	Title = "SCRUM Y XP DESDE LAS TRINCHERAS ",
	Publisher = "C4Media Inc.",
	Address = "United States"
}
@Book{PracticalSoftwareTesting,
	Year = 2003,
	Author = "{Burnstein, I.}",
	Title = "Practical Software Testing",
	Publisher = "Springer-Verlag",
	Address = "New York, United States"
}
\nocite{*}
